@online{TheConstructor,
  title = {7 Major Stages in Water Treatment Plant},
  year = {2021},
  url = {https://theconstructor.org/environmental-engg/water-supply/stages-water-treatment-plant/498706/},
  urldate = {2023-05-03}
}